@article{codd1970relational,
  title={A relational model of data for large shared data banks},
  author={Codd, Edgar F},
  journal={Communications of the ACM},
  volume={13},
  number={6},
  pages={377--387},
  year={1970},
  publisher={ACM}
}

@article{sheehy2010bitcask,
  title={Bitcask. a log-structured hash table for fast key/value data},
  author={Sheehy, DS Justin and Smith, D},
  journal={White paper, April},
  year={2010}
}