@misc{bernstein1995using,
  title={Using maildir format},
  author={Bernstein, Daniel J},
  year={1995},
  publisher={URL http://cr.yp.to/proto/maildir.html}
}
